
@BOOK(ref:ad,
  author = "A. Griewank",
  title = "Evaluating Derivatives: Principles and Techniques of Algorithmic Differentiation",
  publisher = "SIAM",
  year = "2000"
  )

@ARTICLE(phippsEtAl2006,
  AUTHOR = "E. Phipps and R. Bartlett and D. Gay",
  TITLE = "Automatic Differentiation of {C++} Codes for Large-Scale Scientific Computing",
  JOURNAL = "Third International Workshop on Automatic Differentiation",
  MONTH = "February",
  YEAR = {2006}
  )

@BOOK(stroustrup97,
  AUTHOR = "B. Stroustrup",
  TITLE = "The C++ Programming Language, special edition",
  PUBLISHER = {Addison-Wesley},
  ADDRESS = {New York},
  YEAR = {2000}
  )

@BOOK(stroustrup94,
  AUTHOR = "B. Stroustrup",
  TITLE = "The Design and Evolution of C++",
  PUBLISHER = {Addison-Wesley},
  ADDRESS = {New York},
  YEAR = {1994}
  )

@ARTICLE(stroustrup07,
  AUTHOR = "B. Stroustrup",
  TITLE = "Evolving a language in and for the real world: C++ 1991-2006",
  JOURNAL = "{HOPL III}: {P}roceedings of the third {ACM SIGPLAN} conference on History of programming languages",
  PAGES = "4-1 to 4-59",
  PUBLISHER = {ACM},
  ADDRESS = {New York},
  YEAR = "2007"
  )

@article(WhatShouldWeTeachSoftwareDevelopers10,
  author = "B. Stroustrup",
  title = "What Should We Teach New Software Developers? Why?",
  journal = "Communications of the ACM",
  year = {2010}
  )

@TechReport(RefCountPtrBeginnersGuide,
  author=       {R. A. Bartlett},
  title=        {{Teuchos::RCP} : {A}n Introduction to the {T}rilinos Smart
                Reference-Counted Pointer Class for (Almost) Automatic Dynamic
                Memory Management in {C}++},
  institution=  {Sandia National Laboratories},
  year=         {2004},
  type=         {Technical report},
  number=       {SAND04-3268},
  address=      {Albuquerque, New Mexico 87185 and Livermore, California 94550}
  )

@TechReport(TeuchosMMReport,
  author= {R. A. Bartlett},
  title = {Teuchos C++ Memory Management Classes, Idioms, and Related
    Topics: The Complete Reference (A Comprehensive Strategy for Safe
    and Efficient Memory Management in C++ for High Performance Computing)},
  number= {SAND2010-2234},
  institution = {Sandia National Laboratories}, 
  type = {Technical report},
  address = {Albuquerque, New Mexico 87185 and Livermore, California 94550},
  year = {2010},
  )

@BOOK(C++CodingStandards05,
  author = "H. Sutter and A. Alexandrescu",
  title = "C++ Coding Standards: 101 Rules, Guidelines and Best Practices",
  publisher = "Addison Wesley",
  year = "2005"
  )

@BOOK(C++Gotchas03,
  author = "S. Dewhurst",
  title = "C++ Gotchas",
  publisher = "Addison Wesley",
  year = "2003"
  )

@BOOK(CodeComplete2nd04,
  author = "S. McConnell",
  title = "Code Complete: Second Edition",
  publisher = "Microsoft Press",
  year = "2004"
  )

@BOOK(DomainDrivenDesign,
  AUTHOR = "E. Evans",
  TITLE = "Domain-Driven Design",
  PUBLISHER = "Addison Wesley",
  YEAR = "2004"
 )

@BOOK(DomainDrivenDesignQuickly,
  author = "A. Avram and F. Marinescu",
  title = "Domain-Driven Design Quickly",
  publisher = "{InfoQ}",
  year = "2006"
)

@BOOK{AgileSoftwareDevelopment,
  author = "R. Martin",
  title = "Agile Software Development (Principles, Patterns, and Practices)",
  publisher = "Prentice Hall",
  year = "2003"
}

@BOOK{DesignPatterns95,
  author = {E. Gamma and R. Helm and  R. Johnson and J. Vlissides},
  title = {Design Patterns},
  publisher = {Addison Wesley},
  year = {1995},
  }

@BOOK(EffectiveC++ThirdEdition,
  author = "Scott Meyers",
  title = "Effective C++ (Third Edition)",
  publisher = "Addison Wesley",
  year = "2005"
  )

@BOOK(MoreEffectiveC++96,
  author = "Scott Meyers",
  title = "More Effective C++",
  publisher = "Addison Wesley",
  year = "1996"
  )

@BOOK(WorkingEffectivelyWithLegacyCode05,
  author = "M. Feathers",
  title = "Working Effectively with Legacy Code",
  publisher = "Addison Wesley",
  year = "2005"
  )

@BOOK(Refactoring99,
  author = "M. Fowler",
  title = "Refactoring (Improving the Design of Existing Code)",
  publisher = "Addison Wesley",
  year = "1999"
  )

@BOOK(MythicalManMonth95,
  author = "F. Brooks",
  title = "The Mythical Man-Month (second edition)",
  publisher = "Addison Wesley",
  year = "1995"
  )

@BOOK(UMLDistilledThirdEdition04,
  author = "M. Fowler",
  title = "UML Distilled (third edition)",
  publisher = "Addison Wesley",
  year = "2004"
  )

@BOOK(AdvancedC++92,
  author = "J. Coplien",
  title = "Advanced C++",
  publisher = "Addison Wesley",
  year = "1992"
  )

@INPROCEEDINGS(PythonForSCPerforamnce08,
  author="H. Langtengen and X. Cai",
  title="On the Efficency of Python for High-Performance Computing:
     A Case Study Involving Stencil Updates for Partial Differential
     Equations",
  booktitle="Modeling, Simulation and Optimization of Complex Processes:
    Proceedings of the Third International Conference on High Performance
    Scientific Computing",
  year="2008",
  editor="H. Bock and E. Kostina and X. Hoang and R. Rannacher",
  pages="337-358",
  publisher="Springer-Varlag Berlin Heidelberg"
  )

@ARTICLE{WhyFortran07,
  author={Decyk, V.K. and Norton, C.D. and Gardner, H.J.},
  journal={Computing in Science Engineering},
  title={Why Fortran?},
  year={2007},
  month={july-aug. },
  volume={9},
  number={4},
  pages={68 -71},
  doi={10.1109/MCSE.2007.89},
  ISSN={0740-7475},
  }

@ARTICLE{SciCompC++VsFortran97,
  author={T. Veldhuizen},
  journal={Dr. Dobbs},
  title={Scientific Computing: C++ Versus Fortra},
  year={1997},
  volume={9},
  number={4},
  pages={68 -71},
  doi={10.1109/MCSE.2007.89},
  ISSN={0740-7475},
  }

@MISC{ref:corba,
  AUTHOR = "Object Management Group",
  TITLE = "{CORBA}: Common Object Request Broker Architecture",
  HOWPUBLISHED = {http://www.corba.org}
  }

@MISC{ref:com,
  AUTHOR = "Micosoft Corporation",
  TITLE = "{COM}: Component Object Model",
  HOWPUBLISHED = {http://www.microsoft.com/com}
}

@INPROCEEDINGS{BabelRMI07,
  author={Kumfert, G. and Leek, J. and Epperly, T.},
  booktitle={Parallel and Distributed Processing Symposium, 2007.
  IPDPS 2007. IEEE International},
  title={Babel Remote Method Invocation},
  year={2007},
  month={26-30},
  pages={1 -10},
  doi={10.1109/IPDPS.2007.370222},
  ISSN={},
  }

@MISC{ref:boost,
  AUTHOR = "{BOOST}",
  TITLE = "The {BOOST} Library",
  HOWPUBLISHED = {http://www.boost.org},
}

@TechReport(MOOCHO,
  author=       {R. A. Bartlett},
  title=        {Mathematical and High-Level Overview of {MOOCHO}: The
                {M}ultifunctional {O}bject-{O}riented ar{CH}itecture for
                {O}ptimization},
  institution=  {Sandia National Laboratories},
  year=         {2009},
  type=         {Technical report},
  number=       {SAND09-3969},
  address=      {Albuquerque, New Mexico 87185 and Livermore, California 94550}
  )

@TechReport(rSQP++,
  author = {Bart van Bloemen Waanders and Roscoe Bartlett and
    Kevin Long and Paul Boggs and Andrew Salinger},
  title = {Large Scale Non-Linear Programming
    for PDE Constrained Optimization},
  institution = {Sandia National Laboratories},
  year = {2002},
  type = {Technical report},
  number = {SAND2002-3198},
  address = {Albuquerque, New Mexico 87185 and Livermore, California 94550}
  )

@TechReport(ThyraOperatorVectorSAND,
  author=       {R. A. Bartlett},
  title=        {Thyra Linear Operators and Vector s: Overview of
    Interfaces and Support Software for the Development and
    Interoperability of Abstract Numerical Algorithms},
  institution=  {Sandia National Laboratories},
  year=         {2007},
  type=         {Technical report},
  number=       {SAND2007-5984},
  address=      {Albuquerque, New Mexico 87185 and Livermore, California 94550}
  )

@TechReport(ThyraCodingDocGuidlines,
  author= {R. A. Bartlett},
  title= {Thyra Coding and Documentation Guidelines (TCDG) Version 1.0},
  number = {SAND2010-2051},
  institution = {Sandia National Laboratories},
  year = {2010},
  type = {Technical report},
  address = {Albuquerque, New Mexico 87185 and Livermore, California 94550}
  )

@article(CompSciDemandsNewParadigm05,
  author = "D. Post and L. Votta",
  title = "Computational Science Demands and New Paradigm",
  journal = "Physics Today",
  volume = "58",
  number = "1",
  year = "2005",
  pages = "35-41",
  )

@TechReport(ComingCrisisInCompSci04,
  author = {D. Post},
  title = {The Coming Crisis in Computational Science},
  institution = {Las Alamos Laboratories},
  year = {2004},
  type = {Technical report},
  number = {LA-UR-04-0388}
  )

@TechReport(HPCNeedsAToolsStrategy05,
  author = {M. VanDerVanter and D.E. Post and M.E. Zosel},
  title = {HPC Needs a Tool Strategy},
  institution = {Las Alamos Laboratories},
  year = {2005},
  type = {Technical report},
  number = {LA-UR-05-1592}
  )

@article(DataSharinginScientificSimulations,
  author = {Glenn Downing and Paul F. Dubois and Teresa Cottom},
  title = {Data Sharing in Scientific Simulations},
  journal ={Computing in Science and Engineering},
  volume = {6},
  issn = {1521-9615},
  year = {2004},
  pages = {87-96},
  doi = {http://doi.ieeecomputersociety.org/10.1109/MCSE.2004.45},
  publisher = {IEEE Computer Society},
  address = {Los Alamitos, CA, USA},
  )

@INBOOK(Modernizing-the-C++-Interface-to-MPI,
  author = {P. Kambadur1 and D. Gregor1 and A. Lumsdaine and A. Dharurkar},
  title = {Recent Advances in Parallel Virtual Machine and Message
   Passing Interface},
  chapter = {Modernizing the C++ Interface to MPI},
  pages = {266-274},
  publisher = {Springer},
  year = {2006}
  )

@ARTICLE(DesignIssuesForMultiCore08,
  AUTHOR = "M. Heroux",
  TITLE = "Design issues for numerical libraries on scalable
    multicore architectures",
  JOURNAL = "Journal of Physics: Conference Series",
  PUBLISHER = {IOP Publishing Ltd},
  YEAR = "2008"
  )

@ARTICLE(SoftwareChallengesForExtremeComputing10,
  AUTHOR = "M. Heroux",
  TITLE = "Software Challenges for Extreme Scale Computing",
  JOURNAL = "J. of High Performance Computing",
  YEAR = "2010 (to appear)"
  )

@ARTICLE{GettingStartedwithGPU09,
  author={Gray, M.A.},
  title={Getting Started with GPU Programming},
  journal={Computing in Science Engineering},
  year={2009},
  month={july-aug. },
  volume={11},
  number={4},
  pages={61 -64},
  doi={10.1109/MCSE.2009.119},
  ISSN={0740-7475},
  }

@ARTICLE{TowardExascaleResilience09,
  author={F Cappello and A. Geist and B. Gropp and L. Kale and B. Kramer
    and M. Snir},
  title={Getting Started with GPU Programming},
  journal={International Journal of High Performance Computing Applications},
  year={2009},
  volume={23},
  pages = {375-388},
  doi={10.1177/1094342009347767},
  }

@BOOK{ContinuousIntegration,
  author = "P. Duvall and et. al.",
  title = "Continuous Integration",
  publisher = "Addison Wesley",
  year = "2007"
}

@BOOK{XP2,
  author = "K. Beck",
  title = "Extreme Programming (Second Edition)",
  publisher = "Addison Wesley",
  year = 2005
}

@BOOK{TDD,
  author = "K. Beck",
  title = "Test Driven Development",
  publisher = "Addison Wesley",
  year = "2003"
}

@BOOK{ImplementingLeanSoftwareDevelopment,
  author = "M. Poppendieck and T. Poppendieck",
  title = "Implementing Lean Software Development",
  publisher = "Addison Wesley",
  year = "2007"
}

@BOOK{Scrum,
  author = "K. Schwaber and M. Beedle",
  title = "Agile Software Development with Scrum",
  publisher = "Prentice Hall",
  year = 2002
}

@BOOK{ScrumAndXPFromTrenches07,
  author = "H. Kniberg",
  title = "Scrum and XP from the Trenches",
  publisher = "InfoQ",
  year = 2007
}

@ARTICLE{MultiStageContinuousIntegration,
  author = "D. Poole",
  title = "Multi-Stage Continuous Integration",
  journal = "{D}r. {D}obb's {J}ournal",
  month = "December",
  year = "2008"
}

@techreport{ref:asc-vertical-integration-milestone,
  author={R. Bartlett and et. al.},
  title="{ASC} Vertical Integration Milestone",
  institution="Sandia National Laboratories",
  year="2007",
  number="SAND2007-5839"
};

@techreport{ref:AppPlusTrilinosDevIntegration,
  author="R. Bartlett",
  title="Daily Integration and Testing of the Development Versions of Applications and {T}rilinos",
  institution="Sandia National Laboratories",
  year="2007",
  number="SAND2007-7040"
}

@techreport{ref:AppTplIntegrationMaintainceProcess,
  author="R. Bartlett and et. al.",
  title="Maintenence Process for Appliction and Third Party Library Integration Methods",
  institution="Sandia National Laboratories",
  number="In prepairation",
  year="2007"
}

@INPROCEEDINGS{SoftwareIntegrationforCSE09,
  author={Bartlett, R.A.},
  booktitle={Software Engineering for Computational Science and
    Engineering, 2009. SECSE '09. ICSE Workshop on},
  title={Integration strategies for Computational Science},
  year={2009},
  month={23-23},
  volume={},
  number={},
  pages={35 -42},
  keywords={computational science;engineering software;modern
    lean/agile methodology;research-driven development;computer
    science;software engineering;},
  doi={10.1109/SECSE.2009.5069160},
  ISSN={},
  }


@ARTICLE{WhatEveryComputerScientistShouldKnowAboutFloatingPointArithmetic,
  author = "D. Goldberg",
  title = "What Every Computer Scientist Should Know About Floating-Point
Arithmetic",
  journal = "{ACM} Computing Surveys",
  month = "March",
  year = 1991
}

@BOOK{NumerialOptimization,
  author = "J. Nocedal and S. Wright",
  title = "Numerical Optimization",
  publisher = "Springer",
  year = 1999
}

@BOOK{NonlinearBifurcation,
  author = "H. Troger and A. Steindl",
  title = " Nonlinear stability and bifurcation theory: an introduction for
engineers and applied scientists",
  publisher = "Springer",
  year = 1991
}

@ARTICLE{Trilinos,
  author = "M. Heroux and et. al.",
  title = "An overview of the {T}rilinos project",
  journal = "ACM TOMS",
  year = 2005
}

@ARTICLE{Alegra,
  author = "A. Robinson and C. Garasi",
  tilte = "Three-dimensional z-pinch wire array modeling with ALEGRA-HEDP",
  journal = "Computer Physics Communications",
  volume = "164",
  pages = "408-413",
  year = 2004
}  


@BOOK{ComputationalFluidAandSolidMechanics,
  editor = "K.J. Bathe",
  title = "Computational Fluid and Solid Mechanics",
  publisher = "Elsevier",
  year = "2001"
}

@ARTICLE{SandiaMeshing,
  author = "S. Benzley and et. al.",
  title = "Conformal Refinement and Coarsening of Unstructured Hexahedral Meshes",
  journal = "Journal of Computing and Information Science in Engineering",
  month = "December",
  year = 2005
}

@BOOK{CompatibleSpatialDiscretizations,
  author = "D. Arnold and P. Bochev and R. Lehoucq and R. Nicolaides",
  title = "Compatible Spatial Discretizations",
  series = "Mathematics and its Applications",
  publisher = "IMA",
  year = 2005
}

@ARTICLE{SandiaMulticore,
  author = "M. Heroux",
  title = "Design issues for numerical libraries on scalable multicore architectures",
  journal = "J. Phys.",
  series = "Conf. 125 012035 (11pp)",
  year = 2008
} 

@article{SierraAdpativitiy,
 author = {J. Stewart and H.C. Edwards},
 title = {A framework approach for developing parallel adaptive multiphysics applications},
 journal = {Finite Elem. Anal. Des.},
 volume = {40},
 number = {12},
 year = {2004},
 issn = {0168-874X},
 pages = {1599--1617},
 doi = {http://dx.doi.org/10.1016/j.finel.2003.10.006},
 publisher = {Elsevier Science Publishers B. V.},
 address = {Amsterdam, The Netherlands, The Netherlands},
 }

@article{SECommonSense,
 author = {S. McConnell},
 title = {Common Sense},
 journal = {From the Editory IEEE Software},
 year = {2001},
 issn = {July/August},
 doi = {http://www.stevemcconnell.com/ieeesoftware/eic18.htm},
 }

@ARTICLE{EasterbrookSEForClimate2009,
  author={Easterbrook, Steve M. and Johns, Timothy C.},
  journal={Computing in Science Engineering}, title={Engineering the
    Software for Understanding Climate Change},
  year={2009},
  month={nov.-dec.},
  volume={11},
  number={6},
  pages={65 -74},
  keywords={},
  doi={10.1109/MCSE.2009.193},
  ISSN={0740-7475},
}

@inproceedings{TrilinosLifecycleModel2007,
 author = {Willenbring, James M. and Heroux, Michael A. and Heaphy, Robert T.},
 title = {The {T}rilinos Software Lifecycle Model},
 booktitle = {ICSEW '07: Proceedings of the 29th International Conference on Software Engineering Workshops},
 year = {2007},
 isbn = {0-7695-2830-9},
 pages = {186},
 doi = {http://dx.doi.org/10.1109/ICSEW.2007.206},
 publisher = {IEEE Computer Society},
 address = {Washington, DC, USA},
 }

@article{ScientistsNightmareFiveRetractions2006,
 author = {G. Miller},
 title = {A Scientist's Nightmare: Software Problem Leads to Five Retractions},
 journal = {Science},
 year = {2006},
 issn = {December},
 number = {5807},
 volume = {314},
 pages = {1856-1857},
 }

@ARTICLE{SciCompProductivityGridlock09,
author={Faulk, Stuart and Loh, Eugene and Vanter, Michael L. Van De and Squires, Susan and Votta, Lawrence G.},
journal={Computing in Science Engineering}, title={Scientific Computing's Productivity Gridlock: How Software Engineering Can Help},
year={2009},
month={nov.-dec. },
volume={11},
number={6},
pages={30 -39},
keywords={},
doi={10.1109/MCSE.2009.205},
ISSN={0740-7475},}

@INPROCEEDINGS{HighProductivityLanguagesForParallelComputing08,
  author={Spetka, S. and Hadzimujic, H. and Peek, S. and Flynn, C.},
  booktitle={DoD HPCMP Users Group Conference, 2008. DOD HPCMP UGC},
  title={High Productivity Languages for Parallel Programming Compared to MPI},
  year={2008},
  month={14-17},
  volume={},
  number={},
  pages={413 -417},
  doi={10.1109/DoD.HPCMP.UGC.2008.41},
  ISSN={},
  }

@ARTICLE{SciCompsProductivityGridlock09,
  author={Faulk, Stuart and Loh, Eugene and Vanter,
    Michael L. Van De and Squires, Susan and Votta, Lawrence G.},
  journal={Computing in Science Engineering},
  title={Scientific Computing's Productivity Gridlock: How Software
    Engineering Can Help},
  year={2009},
  month={nov.-dec. },
  volume={11},
  number={6},
  pages={30 -39},
  keywords={},
  doi={10.1109/MCSE.2009.205},
  ISSN={0740-7475},
  }

@article{SoftwareDevEnvForSciEngSoftwareCaseStutides07,
  author = {J. Carver and R. Kendall and S. Squires and D. Post},
  title = {Software Development Environments for Scientific and Engineering
    Software: A Series of Case Studies},
  journal = {ICSE07},
  year = {2007},
  }

@techreport{ObservationsAboutSoftwareDevForHighEndComputing05,
  author = {J. Carver and L. Hochsein and R. Kendall and T. Nakamura
    and M. Zelkowitz and V. Basili and D. Post},
  title = {Observations about Software Development for High End Computing},
  institution = {Univ. of Marlyland},
  year = {2005},
  }

@ARTICLE{SEHPC_3_2009,
  author={Carver, Jeffrey C.},
  title={Post-Workshop report for the Third International Workshop
    on Software Engineering for High Performance Computing Applications
    (SE-HPC 07)},
  journal={ACM SIGSOFT Software Engineering Notes},
  year={2007},
  volume={32},
  number={5},
  pages={38 -43},
  }

@ARTICLE{SECSE_1_2009,
  author={Carver, Jeffrey C.},
  journal={Computing in Science Engineering},
  title={First International Workshop on Software Engineering for
    Computational Science amp; Engineering},
  year={2009},
  month={march-april },
  volume={11},
  number={2},
  pages={7 -11},
  keywords={},
  doi={10.1109/MCSE.2009.30},
  ISSN={0740-7475},
  }

@ARTICLE{SECSE_2_2009,
  author={Carver, J},
  journal={Computing in Science Engineering},
  title={Report from the Second International Workshop on Software
    Engineering for Computational Science and Engineering (SE-CSE 09)},
  year={2009},
  volume={PP},
  number={99},
  pages={1 -1},
  keywords={},
  doi={10.1109/MCSE.2009.213},
  ISSN={0740-7475},
  }

@ARTICLE{WhySciProgNotCompute_2010,
  author={Merali, Zeeya},
  journal={Nature},
  title={Why Scientific Computing Does Not Compute},
  year={2010},
  volume={467},
  pages={775 -777},
  }

@TechReport{SEVVIntersections05,
  author = {T. Trucano and D. Post and M. Pilch and W. Oberkampf},
  title = {Software Engineering Intersections with Verification
    and Validation (V\&V) of High Performance Computational
    Science Software: Some Observations},
  institution = {Sandia National Laboratories},
  year = {2005},
  type = {Technical report},
  number = {SAND2005-3662P},
  address = {Albuquerque, New Mexico 87185 and Livermore, California 94550}
  }

@BOOK{ref:golub_van_loan_1996,
  AUTHOR = "G. H. Golub and C. F. Van Loan",
  TITLE = "Matrix Computations : Third Edition",
  PUBLISHER = {Johns Hopkins University Press},
  YEAR = {1996}
}

@Book{ref:interval_analysis_79,
  author = 	 {R.E. Moore},
  editor = 	 {SIAM},
  title = 	 {Methods and applications of interval analysis},
  publisher = 	 {SIAM},
  year = 	 {1979},
}

Emergent design: the evolutionary nature of professional software development
 By Scott L. Bain

@Book{ref:emergent_design_08,
  author = 	 {S.L. Bain},
  title = 	 {Emergent design: the evolutionary nature of professional
                  software development},
  publisher = 	 {Net Objectives},
  year = 	 {2008},
}

@TechReport{LIMEtheory,
  author = {R. Pawlowski and R. A. Bartlett and N. Belcourt and R. Hooper and R. Schmidt},
  title = {A Theory Manual for Multi-physics Code Coupling in {LIME}},
  institution = {Sandia National Laboratories},
  year = {2011},
  key = {LIMEtheory},
  type = {Sandia Technical Report},
  number = {SAND2011-2195},
  month = {March}
}
