
@BOOK(CodeComplete2nd04,
  author = "S. McConnell",
  title = "Code Complete: Second Edition",
  publisher = "Microsoft Press",
  year = "2004"
  )

@BOOK(DomainDrivenDesign,
  AUTHOR = "E. Evans",
  TITLE = "Domain-Driven Design",
  PUBLISHER = "Addison Wesley",
  YEAR = "2004"
 )

@BOOK{AgileSoftwareDevelopment,
  author = "R. Martin",
  title = "Agile Software Development (Principles, Patterns, and Practices)",
  publisher = "Prentice Hall",
  year = "2003"
}

@BOOK{DesignPatterns95,
  author = {E. Gamma and R. Helm and  R. Johnson and J. Vlissides},
  title = {Design Patterns},
  publisher = {Addison Wesley},
  year = {1995},
  }

@BOOK(Refactoring99,
  author = "M. Fowler",
  title = "Refactoring (Improving the Design of Existing Code)",
  publisher = "Addison Wesley",
  year = "1999"
  )

@BOOK(MythicalManMonth95,
  author = "F. Brooks",
  title = "The Mythical Man-Month (second edition)",
  publisher = "Addison Wesley",
  year = "1995"
  )

@BOOK{ContinuousIntegration07,
  author = "P. Duvall and et. al.",
  title = "Continuous Integration",
  publisher = "Addison Wesley",
  year = "2007"
}

@BOOK{XP2,
  author = "K. Beck",
  title = "Extreme Programming (Second Edition)",
  publisher = "Addison Wesley",
  year = 2005
}

@BOOK{TDD,
  author = "K. Beck",
  title = "Test Driven Development",
  publisher = "Addison Wesley",
  year = "2003"
}
